@book{GoF,
	author = {Erich Gamma and Richard Helm and Ralph Johnson and John Vlissides},
	title = {Design Patterns: Elements of Reusable Object-Oriented Software},
	publisher = {Addison-Wesley Professional},
	year = {1994},
	isbn = {0201633612}
}


@techreport{patternBox,
	author = {Jain, Rajendra K. and Chiu, Dah-Ming W. and Hawe, William R.},
	title = {A Design Pattern Generation Tool},
	institution = {Faculty of Worcester Polytechnic Insitute},
	number = {GFP 0801},
	year = {2009},
	url = {https://digital.wpi.edu/downloads/xp68kj165}
}
